@misc{ Nobody06,
		author = "Thierry Garaix",
		title = "Étude et résolution exacte de problèmes de transport à la demande avec qualité de service",
		year = "2007"
}

@misc{ Karmarkar,
		author = "N. Karmarkar",
		title = "An Interior-Point Approach to NP-complete Problems,
Proceedings of the 1st Integer Programming and Combinatorial Optimization Conference",
		year = "1990, 351-366"
}


@misc{ Simplex,
		author = "V. Klee and G.J. Minty",
		title = "How Good is the Simplex Algorithm ? In O.
Shisha, editor, Inequalities, III, Academic Press, New York, NY, (1972),
159–175"
}